@article{banerjee2018comparative,
  title={A comparative study: Java vs kotlin programming in android application development},
  author={Banerjee, Madhurima and Bose, Subham and Kundu, Aditi and Mukherjee, Madhuleena},
  journal={International Journal of Advanced Research in Computer Science},
  volume={9},
  number={3},
  pages={41},
  year={2018},
  publisher={International Journal of Advanced Research in Computer Science}
}

@article{pressmarSpring,
  title={Java EE vs Spring â€“ Gemeinsamkeiten, Unterschiede und Entscheidungskriterien},
  author={Pressmar},
  year={2018},
  url={https://blog.doubleslash.de/jee-vs-spring-gemeinsamkeiten-unterschiede-und-entscheidungskriterien}
}